@report{pit2020,
organization={Ending Community Homelessness Coalition (ECHO)},
title = {Austin/Travis County 2020 Point-in-Time (PIT) Count,
date = 2020-10-21},
url = {https://1zdndu3n3nla353ymc1h6x58-wpengine.netdna-ssl.com/wp-content/uploads/2020/10/PIT-2020-Source-Document.-Revised-to-correct-Table-4-and-Figure-13.10.21.20.pdf}
}
@report{pit2017,
organization={Ending Community Homelessness Coalition (ECHO)},
title = {Austin/Travis County 2017 Point-in-Time (PIT) Count,
date = 2017-04-20},
url = {https://1zdndu3n3nla353ymc1h6x58-wpengine.netdna-ssl.com/wp-content/uploads/2019/07/2017-Point-in-Time-Count-Results.pdf}
}
@article{observer_article,
author = {Gus Bova},
organization = {Texas Observer},
journaltitle = {Texas Observer},
title = {Austin and America's Thirty-Year War on the Homeless},
date = {2020-09-21},
url = {https://www.texasobserver.org/austin-homeless-camping-texas/}
}
@report{ordinance_audit,
title = {City Policies Related to Homelessness},
series = {Homelessness Assistance Audit Series},
institution = {City of Austin Office of the City Auditor},
date={November 2017},
url = {http://www.austintexas.gov/sites/default/files/files/Auditor/Audit_Reports/Homeless_Assistance_-_City_Policies__v1__November_2017.pdf}
}
@unpublished{casar_faq,
  author = {Gregorio Casar},
  title  = {Frequently Asked Questions for Homelessness Decriminalization
Ordinances Commonly Known as Panhandling, Sit/Lie, and Camping},
  url = {https://www.austintexas.gov/edims/document.cfm?id=320816}
}
@article{austinmonitor,
  author          = {Chad Swiatecki},
  title           = {Possible Changes to Panhandling Ordinance Draw Concern from Business Leaders},
  journal         = {Austin Monitor},
  date = {2018-07-03},
  url = {https://www.austinmonitor.com/stories/2018/07/possible-changes-to-panhandling-ordinance-draw-concern-from-business-leaders/}
}
@online{open_data_portal,
title = {City of Austin Open Data Portal},
url = {https://data.austintexas.gov/}
}
@book{eighner,
title = {Travels with Lizbeth},
author = {Lars Eighner},
year = {1994},
publisher = {New York : Fawcett Columbine}
}